@article{greenwade93,
    author  = "Luciano Stork",
    course = "Teoria da Informação e da Codificação"
    title   = "Codificação de Huffman e Shannon-Fano aplicadas a imagens PNM e diferença móvel",
    year    = "2023",
    pages   = "6",
    referencies = "http://wiki.icmc.usp.br/images/0/0c/SCC0202-aula-13-Arvore\_Huffman.pdf    https://www.ime.usp.br/~pf/analise\_de\_algoritmos/aulas/huffman.html
    https://pt.wikipedia.org/wiki/CodificaficaçãodeHuffman
    http://multimedia.ufp.pt/codecs/compressao-sem-perdas/codificacao-estatistica/algoritmo-de-huffman/
    https://github.com/ankmish/Encoding-in-MATLAB/blob/master/ShannonFano.m"
}
